@article{sieve,
  title={Smooth numbers and the quadratic sieve},
  author={Pomerance, Carl},
  journal={Algorithmic Number Theory, Cambridge, MSRI publication},
  volume={44},
  pages={69--82},
  year={2008}
}
@incollection{uncertainty,
  title={The Uncertainty Principle and Foundations of Quantum Mechanics: A Fifty Years Survey},
  author={Heisenberg, Werner and Price, William Charles and Chissick, Seymour S},
  year={1977},
  publisher={John Wiley \& Sons},
  Pages={69--82},
  
}
@book{alpha_beta,
  title={The principles of quantum mechanics},
  author={Dirac, Paul Adrien Maurice},
  number={27},
  pages={16},
  year={1981},
  publisher={Oxford university press},
}

@Article{pauli,
author = {Weisstein, Eric W},
title = {Pauli Matrices},
journal = {MathWorld--A Wolfram Web Resource},
year = {2002},
}

@inproceedings{grover,
  title={A fast quantum mechanical algorithm for database search},
  author={Grover, Lov K},
  booktitle={Proceedings of the twenty-eighth annual ACM symposium on Theory of computing},
  pages={212--219},
  year={1996},
  organization={ACM}
}

@article{practicalgrover,
  title={Is quantum search practical?},
  author={Viamontes, George F and Markov, Igor L and Hayes, John P},
  journal={Computing in science \& engineering},
  volume={7},
  number={3},
  pages={62--70},
  year={2005},
  publisher={IEEE}
}
@inproceedings{deutsch,
  title={Rapid solution of problems by quantum computation},
  author={Deutsch, David and Jozsa, Richard},
  booktitle={Proceedings of the Royal Society of London A: Mathematical, Physical and Engineering Sciences},
  volume={439},
  number={1907},
  pages={553--558},
  year={1992},
  organization={The Royal Society}
}
@article{shor,
  title={Polynomial-time algorithms for prime factorization and discrete logarithms on a quantum computer},
  author={Shor, Peter W},
  journal={SIAM review},
  volume={41},
  number={2},
  pages={303--332},
  year={1999},
  publisher={SIAM}
}
@article{iontrap,
  title={The ion trap quantum information processor},
  author={Steane, Andrew},
  journal={Applied Physics B: Lasers and Optics},
  volume={64},
  number={6},
  pages={623--643},
  year={1997},
  publisher={Springer}
}
@article{mooreslaw,
  title={Cramming more components onto integrated circuits},
  author={Moore, Gordon E},
  journal={Proceedings of the IEEE},
  volume={86},
  number={1},
  pages={82--85},
  year={1998},
  publisher={IEEE}
}
@Article{energy,
author = {Steane, Andrew},
title = {Introduction to Ion Trap Quantum Computing},
journal = {University of Oxford - Department of physics},
}
